@inproceedings{assb96,
	title={Verifying continuous time Markov chains},
	author={Aziz, Adnan and Sanwal, Kumud and Singhal, Vigyan and Brayton, Robert},
	booktitle={Computer Aided Verification},
	pages={269--276},
	year={1996},
	publisher={Springer}
}

@incollection{bai13,
	title={A Probabilistic Quantitative Analysis of Probabilistic-Write/Copy-Select},
	author={Baier, Christel and Engel, Benjamin and Kl\"uppelholz, Sascha and M\"arcker, Steffen and Tews, Hendrik and V\"olp, Marcus},
	booktitle={NASA Formal Methods},
	pages={307--321},
	year={2013},
	publisher={Springer}
}

@incollection{bhhk00,
	title={On the logical characterisation of performability properties},
	author={Christel Baier, Boudewijn Haverkort, Holger Hermanns},
	booktitle={Automata, Languages and Programming},
	pages={780--792},
	year={2000},
	publisher={Springer}
}

@article{bluegenel,
	title={Overview of the {Blue Gene/L} system architecture},
	author={Gara, Alan and Blumrich, Matthias A and Chen, Dong and Chiu, GL-T and Coteus, Paul and Giampapa, Mark E and Haring, Ruud A and Heidelberger, Philip and Hoenicke, Dirk and Kopcsay, Gerard V and others},
	journal={IBM Journal of Research and Development},
	volume={49},
	number={2.3},
	pages={195--212},
	year={2005},
	publisher={IBM}
}

@inproceedings{bluegeneq,
	title={The {IBM Blue Gene/Q} interconnection network and message unit},
	author={Chen, Dong and Eisley, Noel A and Heidelberger, Philip and Senger, Robert M and Sugawara, Yutaka and Kumar, Sameer and Salapura, Valentina and Satterfield, David L and Steinmacher-Burow, Burkhard and Parker, Jeffrey J},
	booktitle={High Performance Computing, Networking, Storage and Analysis (SC), 2011 International Conference for},
	pages={1--10},
	year={2011},
	organization={IEEE}
}

@misc{bre13,
	title={A lock-less shared memory barrier without atomic operations},
	author={Ronny Brendel},
	institution={Technical University of Dresden},
	year={2013},
	month={Apr.},
	note={Available upon request},
	location={Dresden, Germany}
}

@misc{craympt,
	title={Programming Environments Release Announcement for {Cray XE} and {Cray XK} Systemsa},
	howpublished={\url{http://docs.cray.com/books/S-9407-1306//S-9407-1306.pdf}},
	key={craympt},
	month={june},
	year={2013}
}

@article{earthsimulator,
	title={The earth simulator system},
	author={Habata, Shinichi and Yokokawa, Mitsuo and Kitawaki, Shigemune},
	journal={NEC Research and Development},
	volume={44},
	number={1},
	pages={21--26},
	year={2003},
	publisher={NEC CORPORATION-JAPAN}
}

@misc{epiphany,
	title={Epiphany Multicore {IP}},
	howpublished={\url{http://www.adapteva.com/products/epiphany-ip/}},
	key={epiphany}
}

@inproceedings{falsesharing,
	title={False Sharing and its Effect on Shared Memory Performance},
	author={William J. Bolosky,  Michael L. Scott},
	booktitle={4th Symposium on Experimental Distributed and Multiprocessor Systems},
	pages={57--71},
	year={1993}
}

@inproceedings{franke2002,
	title={Fuss, futexes and furwocks: Fast userlevel locking in linux},
	author={Franke, Hubertus and Russell, Rusty and Kirkwood, Matthew},
	booktitle={AUUG Conference Proceedings},
	pages={85},
	year={2002},
	organization={AUUG, Inc.}
}

@inproceedings{gha90,
	title={Memory Consistency and Event Ordering in Scalable Shared-Memory Multiprocessors},
	author={Kourosh Gharachorloo},
	booktitle={In Proceedings of the 17th Annual International Symposium on Computer Architecture},
	year={1990}
}

@misc{glibc,
	title={The {GNU} {C} {L}ibrary (glibc)},
	howpublished={\url{http://www.gnu.org/software/libc}},
	key={glibc}
}

@misc{gomp,
	title={{GOMP} -- An {OpenMP} implementation for {GCC}},
	howpublished={\url{http://gcc.gnu.org/projects/gomp}},
	key={gomp}
}

% original paper introducing the dissemination barrier
@article{hensgen1988,
	title={Two algorithms for barrier synchronization},
	author={Hensgen, Debra and Finkel, Raphael and Manber, Udi},
	journal={International Journal of Parallel Programming},
	volume={17},
	number={1},
	pages={1--17},
	year={1988},
	publisher={Springer}
}

@misc{hoefler2005,
	title={Evaluation of publicly available Barrier-Algorithms and Improvement of the Barrier-Operation for large-scale Cluster-Systems with special Attention on InfiniBand Networks},
	author={T. Hoefler},
	institution={Technical University of Chemnitz},
	year={2005},
	month={Apr.},
	location={Chemnitz, Germany},
	source={http://www.unixer.de/~htor/publications/},
}

%n-way dissemination with on infiniband using rma
@inproceedings{hoefler2006a,
	title={Fast barrier synchronization for InfiniBand/spl trade},
	author={Hoefler, Torsten and Mehlan, Torsten and Mietke, Frank and Rehm, Wolfgang},
	booktitle={Parallel and Distributed Processing Symposium, 2006. IPDPS 2006. 20th International},
	pages={7--pp},
	year={2006},
	organization={IEEE}
}

@inproceedings{hoefler2006b,
	title={Adding Low-Cost Hardware Barrier Support to Small Commodity Clusters.},
	author={Hoefler, Torsten and Mehlan, Torsten and Mietke, Frank and Rehm, Wolfgang},
	booktitle={ARCS Workshops},
	pages={343--350},
	year={2006}
}

% using dissemination barrier on 64core shared memory system
% @inproceedings{hoefler2013,
% 	title={Modeling Communication in Cache-Coherent SMP Systems - A Case-Study with Xeon Phi},
% 	author={S. Ramos Garea and T. Hoefler},
% 	booktitle={Proceedings of the 22nd international symposium on High-performance parallel and distributed computing},
% 	year={2013},
% 	month={Jun.},
% 	location={New York City, NY, USA},
% 	source={http://www.unixer.de/~htor/publications/}
% }

@article{hol97,
	title={The Model Checker {SPIN}},
	author={Gerard J. Holzmann},
	journal={Software Engineering, IEEE Transactions on},
	volume={23},
	number={5},
	pages={279--295},
	year={1997},
	publisher={IEEE}
}

@misc{infiniband,
	title={{InfiniBand}\texttrademark Architecture Specification Volume 1, Release 1.2.1},
	author={{InfiniBand Trade Association}},
	month={november},
	year={2007}
}

@article{knp09,
	title={{PRISM}: Probabilistic Model Checking for Performance and Reliability Analysis},
	author={Marta Kwiatkowska,Gethin Norman, David Parker},
	journal={ACM SIGMETRICS Performance Evaluation Review},
	volume={36},
	number={4},
	pages={40--45},
	year={2009},
	publisher={ACM}
}

@inproceedings{mcg09,
	title={Analysis of inherent randomness of the Linux kernel},
	author={Nicholas Mc Guire, Peter Okech, Georg Schiesser},
	booktitle={Eleventh Real Time Linux Workshop, Dresden, Germany},
	year={2009}
}

@misc{mpi,
	title={{M}essage {P}assing {I}nterface ({MPI}) Forum},
	howpublished={\url{http://mpi-forum.org/}},
	key={mpi}
}

@misc{mpi2,
	title={A {Message-Passing Interface} Standard Version 2.2},
	howpublished={\url{http://mpi-forum.org/docs/mpi-2.2/mpi22-report.pdf}},
	key={mpi2},
	month={september},
	year={2009}
}

@misc{mpi3,
	title={A {Message-Passing I}nterface Standard Version 3.0},
	howpublished={\url{http://mpi-forum.org/docs/mpi-3.0/mpi30-report.pdf}},
	key={mpi3},
	month={september},
	year={2012}
}

@misc{mpi3onesided,
	title={The New {MPI}-3 Remote Memory Access (One Sided) Interface},
	author={Jeff Squyres, Torsten Hoefler},
	howpublished={\url{http://blogs.cisco.com/performance/the-new-mpi-3-remote-memory-access-one-sided-interface/}},
	month={february},
	year={2012}
}

@book{mpiadoptiona,
	title={Using {MPI}: portable parallel programming with the {Message-Passing Interface}},
	author={Gropp, William D and Lusk, Ewing L and Skjellum, Anthony},
	volume={1},
	year={1999},
	publisher={the MIT Press}
}

@book{mpiadoptionb,
	title={Parallel programming with {MPI}},
	author={Pacheco, Peter S},
	year={1997},
	publisher={Morgan Kaufmann}
}

@article{mpiadoptionc,
	title={Modeling {MPI} programs for verification},
	author={Siegel, Stephen F and Avrunin, George S},
	journal={Department of Computer Science, University of Massachusetts, Tech. Rep. UM-CS-2004-75},
	year={2004}
}

@misc{mvapich,
	title={{MVAPICH} -- {MPI} over {InfiniBand}, {10GigE/iWARP} and {RoCE}},
	howpublished={\url{http://mvapich.cse.ohio-state.edu/}},
	key={mvapich}
}

@misc{openmp,
	title={{O}pen{MP}},
	howpublished={\url{http://openmp.org}},
	key={openmp}
}

@misc{prism,
	title={{PRISM} -- Probabilistic Symbolic Model Checker},
	howpublished={\url{http://www.prismmodelchecker.org}},
	key={prism}
}

@inproceedings{pwcs,
	title={Probabilistic Write Copy Select},
	author={Mc~Guire, N.},
	booktitle={13th Real-Time Linux Workshop},
	year={2011},
	pages={195--206},
	_address={Prague, Tschech Republic},
	month={Oct.},
}

@inproceedings{rab00,
	title={Automatic {MPI} Counter Profiling},
	author={Rabenseifner, R.},
	booktitle={42nd CUG Conference},
	year={2000}
}

@article{sequentialconsistency,
	title={How to Make a Correct Multiprocess Program Execute Correctly on a Multiprocessor},
	author={Lamport, Leslie},
	journal={Computers, IEEE Transactions on},
	volume={100},
	number={9},
	pages={690--691},
	year={1979},
	publisher={IEEE}
}

@misc{sgiuv2000,
	title={A Hardware-Accelerated {MPI} Implementation on {SGI}\textregistered~{UV}\texttrademark~2000 Systems},
	howpublished={\url{http://www.sgi.com/pdfs/4378.pdf}},
	key={sgiuv2000}
}

@misc{spin,
	title={{S}pin -- Formal Verification},
	howpublished={\url{http://spinroot.com}},
	key={spin}
}

@article{udp,
	title={{U}ser {D}atagram {D}rotocol},
	author={Postel, Jon},
	howpublished={\url{http://xml2rfc.tools.ietf.org/html/rfc768}},
	journal={Isi},
	year={1980}
}
