% References for paper

@article{hofler2005,
	title={Evaluation of publicly available Barrier-Algorithms and Improvement of the Barrier-Operation for large-scale Cluster-Systems with special Attention on InfiniBandTMNetworks},
	author={H{\"o}fler, T.},
	journal={URL: http://archiv. tuchemnitz. de/pub/2005/0073/data/diploma. pdf},
	volume={4},
	year={2005}
}

@inproceedings{rab00,
	title={Automatic mpi counter profiling},
	author={Rabenseifner, R.},
	booktitle={42nd CUG Conference},
	year={2000}
}

@article{pwcs,
	title={pW/CS-Probabilistic Write/Copy-Select (Locks)},
	author={Mc Guire, N.}
}
