% original paper introducing the dissemination barrier
@article{hensgen1988two,
	title={Two algorithms for barrier synchronization},
	author={Hensgen, Debra and Finkel, Raphael and Manber, Udi},
	journal={International Journal of Parallel Programming},
	volume={17},
	number={1},
	pages={1--17},
	year={1988},
	publisher={Springer}
}

@article{hoefler2005,
	title={Evaluation of publicly available Barrier-Algorithms and Improvement of the Barrier-Operation for large-scale Cluster-Systems with special Attention on InfiniBandTM Networks},
	author={H{\"o}fler, T.},
	journal={\url{http://archiv.tuchemnitz.de/pub/2005/0073/data/diploma.pdf}},
	volume={4},
	year={2005}
}

% using dissemination barrier on 64core shared memory system
@inproceedings{hoefler2013,
	author={S. Ramos Garea and T. Hoefler},
	title={{Modeling Communication in Cache-Coherent SMP Systems - A Case-Study with Xeon Phi}},
	year={2013},
	month={Jun.},
	location={New York City, NY, USA},
	note={Accepted at HPDC'13},
	source={http://www.unixer.de/~htor/publications/},
}

@inproceedings{pwcs,
	author={Mc~Guire, N.},
	title={Probabilistic Write Copy Select},
	booktitle={13th Real-Time Linux Workshop},
	year={2011},
	pages={195--206},
	_address={Prague, Tschech Republic},
	month={Oct.},
}

